<?xml version="1.0" encoding="UTF-8"?><collection xmlns="http://www.loc.gov/MARC21/slim"><record><leader>00540nam--2200193-i-4500</leader><controlfield tag="001">000042077</controlfield><controlfield tag="002">20161230</controlfield><controlfield tag="005">20161230201043</controlfield><controlfield tag="008">060222s1000------------r-----000-0-rum-d</controlfield><datafield ind1=" " ind2=" " tag="040"><subfield code="a">IFIN-HH</subfield></datafield><datafield ind1=" " ind2=" " tag="041"><subfield code="a">rum</subfield></datafield><datafield ind1=" " ind2=" " tag="080"><subfield code="a">539.214+03.82</subfield></datafield><datafield ind1="1" ind2=" " tag="100"><subfield code="a">Socolovschi,V.V</subfield></datafield><datafield ind1="1" ind2="0" tag="245"><subfield code="a">Teoria plasticitatii</subfield><subfield code="b">Traducere din limba rusa</subfield><subfield code="c">V.v. socolovschi</subfield></datafield><datafield ind1=" " ind2=" " tag="260"><subfield code="a">Bucuresti</subfield><subfield code="b">Editura Tehnica</subfield><subfield code="c">1953</subfield></datafield><datafield ind1=" " ind2=" " tag="300"><subfield code="a">445 P</subfield></datafield><datafield ind1=" " ind2=" " tag="500"><subfield code="a">Titlul Original In Limba Rusa:Teoria Plasticinosti</subfield></datafield><datafield ind1=" " ind2=" " tag="852"><subfield code="a">3148</subfield><subfield code="c">539.3</subfield></datafield><datafield ind1=" " ind2=" " tag="CAT"><subfield code="a">Sys</subfield><subfield code="c">20121220</subfield><subfield code="h">095942</subfield></datafield></record></collection>